<record xmlns="http://www.loc.gov/MARC21/slim" xmlns:xsi="http://www.w3.org/2001/XMLSchema-instance" xsi:schemaLocation="http://www.loc.gov/MARC21/slim http://www.loc.gov/standards/marcxml/schema/MARC21slim.xsd"><leader>     nam a22        4500</leader><controlfield tag="001">1015398</controlfield><controlfield tag="003">NIC</controlfield><controlfield tag="006">m        d        </controlfield><controlfield tag="007">cr cn |||m|||a</controlfield><controlfield tag="008">150323q19801989ir      o     000 0 ara d</controlfield><datafield ind1=" " ind2=" " tag="040"><subfield code="a">NNU</subfield><subfield code="b">eng</subfield><subfield code="c">NNU</subfield></datafield><datafield ind1="1" ind2=" " tag="100"><subfield code="6">880-01</subfield><subfield code="a">Ibn T&#803;a&#772;wu&#772;s, &#699;Ali&#772; ibn Mu&#772;sa&#769;,</subfield><subfield code="d">1193-1266.</subfield></datafield><datafield ind1="1" ind2="0" tag="245"><subfield code="6">880-02</subfield><subfield code="a">Sa&#699;d al-Su&#699;u&#772;d</subfield><subfield code="h">[electronic resource] :</subfield><subfield code="b">kita&#772;b &#699;ilmi&#772; di&#772;ni&#772; fanni&#772; yatanw&#772;al a&#772;ya&#772;t al-dhikr al-h&#803;aki&#772;m bi-tafsi&#772;r daqi&#772;q wa-sharh&#803; wa&#772;fi mufi&#772;d ma&#699;a isti&#699;ra&#772;d&#803; &#699;a&#772;mm li-a&#772;ra&#772;&#700; jumlah min al-&#699;ulama&#772;&#700; al-thiqa&#772;t wa-muna&#772;qashat aqwa&#772;lihim /</subfield><subfield code="c">ta&#700;li&#772;f Rad&#803;i&#772; al-Di&#772;n Abi&#772; al-Qa&#772;sim &#699;Ali&#772; ibn Mu&#772;sa&#769; ibn Ja&#699;far ibn Muh&#803;ammad ibn T&#803;a&#772;wu&#772;s al-H&#803;usni&#772; al-H&#803;usayni&#772;.</subfield></datafield><datafield ind1=" " ind2=" " tag="260"><subfield code="6">880-03</subfield><subfield code="a">[Qum :</subfield><subfield code="b">Manshu&#772;ra&#772;t al-Rad&#803;i&#772;,</subfield><subfield code="c">198-?]</subfield></datafield><datafield ind1=" " ind2=" " tag="300"><subfield code="a">online resource (313 p.)</subfield></datafield><datafield ind1=" " ind2=" " tag="500"><subfield code="a">Part of the Arabic Collections Online (ACO) project, contributed by Cornell University Libraries.</subfield></datafield><datafield ind1=" " ind2=" " tag="533"><subfield code="a">Electronic reproduction.</subfield><subfield code="b">New York, N.Y. :</subfield><subfield code="c">New York University,</subfield><subfield code="d">2015.</subfield><subfield code="5">NNU</subfield></datafield><datafield ind1=" " ind2=" " tag="534"><subfield code="p">Reprint. Originally published:</subfield><subfield code="b">1st ed.</subfield><subfield code="c">Qum : Manshu&#772;ra&#772;t al-Rad&#803;i&#772;, 1363 [1944 or 5].</subfield></datafield><datafield ind1=" " ind2="0" tag="650"><subfield code="a">Shi&#772;&#699;ah</subfield><subfield code="x">Doctrines.</subfield></datafield><datafield ind1=" " ind2="7" tag="650"><subfield code="a">Shi&#772;&#699;ah</subfield><subfield code="x">Doctrines.</subfield><subfield code="2">fast</subfield><subfield code="0">(OCoLC)fst01117948</subfield></datafield><datafield ind1="2" ind2=" " tag="710"><subfield code="a">Cornell University.</subfield><subfield code="b">Libraries.</subfield></datafield><datafield ind1="0" ind2=" " tag="730"><subfield code="a">Arabic Collections Online.</subfield></datafield><datafield ind1="0" ind2="8" tag="776"><subfield code="i">Print version:</subfield><subfield code="a">Ibn T&#803;a&#772;wu&#772;s, &#699;Ali&#772; ibn Mu&#772;sa&#769;, 1193-1266.</subfield><subfield code="t">Sa&#699;d al-Su&#699;u&#772;d</subfield><subfield code="w">(NIC)1015398</subfield><subfield code="w">(OCoLC)63215334</subfield></datafield><datafield ind1="4" ind2="0" tag="856"><subfield code="u">http://hdl.handle.net/2333.1/mw6m92kk</subfield></datafield><datafield ind1="1" ind2=" " tag="880"><subfield code="6">100-01/r</subfield><subfield code="a">&#1575;&#1576;&#1606; &#1591;&#1575;&#1608;&#1608;&#1587;&#1548; &#1593;&#1604;&#1610; &#1576;&#1606; &#1605;&#1608;&#1587;&#1609;&#1548;</subfield><subfield code="d">1193-1266.</subfield></datafield><datafield ind1="1" ind2="0" tag="880"><subfield code="6">245-02/r</subfield><subfield code="a">&#1587;&#1593;&#1583; &#1575;&#1604;&#1587;&#1593;&#1608;&#1583; :</subfield><subfield code="b">&#1603;&#1578;&#1575;&#1576; &#1593;&#1604;&#1605;&#1610; &#1583;&#1610;&#1606;&#1610; &#1601;&#1606;&#1610; &#1610;&#1578;&#1606;&#1608;&#1604; &#1570;&#1610;&#1575;&#1578; &#1575;&#1604;&#1584;&#1603;&#1585; &#1575;&#1604;&#1581;&#1603;&#1610;&#1605; &#1576;&#1578;&#1601;&#1587;&#1610;&#1585; &#1583;&#1602;&#1610;&#1602; &#1608;&#1588;&#1585;&#1581; &#1608;&#1575;&#1601; &#1605;&#1601;&#1610;&#1583; &#1605;&#1593; &#1575;&#1587;&#1578;&#1593;&#1585;&#1575;&#1590; &#1593;&#1575;&#1605; &#1604;&#1575;&#1585;&#1575;&#1569; &#1580;&#1605;&#1604;&#1577; &#1605;&#1606; &#1575;&#1604;&#1593;&#1604;&#1605;&#1575;&#1569; &#1575;&#1604;&#1579;&#1602;&#1575;&#1578; &#1608;&#1605;&#1606;&#1575;&#1602;&#1588;&#1577; &#1575;&#1602;&#1608;&#1575;&#1604;&#1605; /</subfield><subfield code="c">&#1578;&#1571;&#1604;&#1610;&#1601; &#1585;&#1590;&#1610; &#1575;&#1604;&#1583;&#1610;&#1606; &#1575;&#1576;&#1610; &#1575;&#1604;&#1602;&#1575;&#1587;&#1605; &#1593;&#1604;&#1610; &#1576;&#1606; &#1605;&#1608;&#1587;&#1609; &#1576;&#1606; &#1580;&#1593;&#1601;&#1585; &#1576;&#1606; &#1605;&#1581;&#1605;&#1583; &#1576;&#1606; &#1591;&#1575;&#1608;&#1608;&#1587; &#1575;&#1604;&#1581;&#1587;&#1606;&#1610; &#1575;&#1604;&#1581;&#1587;&#1610;&#1606;&#1610;.</subfield></datafield><datafield ind1=" " ind2=" " tag="880"><subfield code="6">260-03/r</subfield><subfield code="a">[&#1602;&#1605; :</subfield><subfield code="b">&#1605;&#1606;&#1588;&#1608;&#1585;&#1575;&#1578; &#1575;&#1604;&#1585;&#1590;&#1610;&#1548;</subfield><subfield code="c">198&#1567;]</subfield></datafield><datafield ind1=" " ind2=" " tag="959"><subfield code="a">NNU</subfield><subfield code="b">WEB</subfield><subfield code="c">GENI</subfield><subfield code="t">0</subfield><subfield code="m">Electronic access</subfield><subfield code="s">01</subfield></datafield><datafield ind1=" " ind2=" " tag="999"><subfield code="i">NIC_1015398</subfield><subfield code="o">(OCoLC)ocm63215334</subfield><subfield code="s">cornell_aco000320</subfield><subfield code="e">(ERROR-880)</subfield><subfield code="s">cornell_aco000320</subfield></datafield></record>